<record><leader>00000cas a2200000 a 4500</leader><controlfield tag="001">489049352</controlfield><controlfield tag="008">091215d1904191unbuwr ne      0   a0eng  </controlfield><datafield ind1=" " ind2=" " tag="010"><subfield code="a">sn 94056446 </subfield><subfield code="z">  2010270506</subfield></datafield><datafield ind1=" " ind2=" " tag="040"><subfield code="a">DLC</subfield><subfield code="b">eng</subfield><subfield code="c">DLC</subfield><subfield code="d">LDL</subfield><subfield code="d">DLC</subfield><subfield code="d">OCLCF</subfield></datafield><datafield ind1=" " ind2=" " tag="012"><subfield code="l">a</subfield></datafield><datafield ind1=" " ind2=" " tag="019"><subfield code="a">995221012</subfield></datafield><datafield ind1="1" ind2=" " tag="022"><subfield code="a">2157-8176</subfield><subfield code="2">1</subfield></datafield><datafield ind1="1" ind2=" " tag="029"><subfield code="a">NZ1</subfield><subfield code="b">16072807</subfield></datafield><datafield ind1=" " ind2=" " tag="042"><subfield code="a">pcc</subfield><subfield code="a">nsdp</subfield></datafield><datafield ind1=" " ind2=" " tag="043"><subfield code="a">n-us-nb</subfield></datafield><datafield ind1="0" ind2="0" tag="050"><subfield code="a">Newspaper</subfield></datafield><datafield ind1=" " ind2="4" tag="222"><subfield code="a">The Falls City tribune</subfield></datafield><datafield ind1="0" ind2="4" tag="245"><subfield code="a">The Falls City tribune.</subfield></datafield><datafield ind1=" " ind2=" " tag="260"><subfield code="a">Falls City, Neb. :</subfield><subfield code="b">Ross &amp; Ray,</subfield><subfield code="c">1904-</subfield></datafield><datafield ind1=" " ind2=" " tag="300"><subfield code="a">v.</subfield></datafield><datafield ind1=" " ind2=" " tag="310"><subfield code="a">Weekly</subfield></datafield><datafield ind1="0" ind2=" " tag="362"><subfield code="a">Vol. 1, no. 1 (Jan. 8, 1903 [i.e. 1904])-</subfield></datafield><datafield ind1=" " ind2=" " tag="515"><subfield code="a">Issues for Jan. 6, 1905-May 12, 1905 also called whole no. 53-71.</subfield></datafield><datafield ind1=" " ind2=" " tag="515"><subfield code="a">Issues for May 19, 1905-Jan. 17, 1908 called v. 2, whole no. 72-v. 4, whole no. 208.</subfield></datafield><datafield ind1=" " ind2=" " tag="530"><subfield code="a">Also available on microfilm.</subfield></datafield><datafield ind1=" " ind2=" " tag="530"><subfield code="a">Archived issues are available in digital format as part of the Library of Congress Chronicling America online collection.</subfield></datafield><datafield ind1=" " ind2=" " tag="580"><subfield code="a">Absorbed: Humboldt enterprise, 1905; Rulo record; Crocker's educational journal; Dawson outlook, 1910.</subfield></datafield><datafield ind1=" " ind2="0" tag="651"><subfield code="a">Falls City (Neb.)</subfield><subfield code="v">Newspapers.</subfield></datafield><datafield ind1=" " ind2="0" tag="651"><subfield code="a">Richardson County (Neb.)</subfield><subfield code="v">Newspapers.</subfield></datafield><datafield ind1=" " ind2="7" tag="655"><subfield code="a">Newspapers.</subfield><subfield code="2">fast</subfield><subfield code="0">(OCoLC)fst01423814</subfield></datafield><datafield ind1=" " ind2="7" tag="651"><subfield code="a">Nebraska</subfield><subfield code="z">Falls City.</subfield><subfield code="2">fast</subfield><subfield code="0">(OCoLC)fst01221280</subfield></datafield><datafield ind1=" " ind2="7" tag="651"><subfield code="a">Nebraska</subfield><subfield code="z">Richardson County.</subfield><subfield code="2">fast</subfield><subfield code="0">(OCoLC)fst01212383</subfield></datafield><datafield ind1=" " ind2=" " tag="752"><subfield code="a">United States</subfield><subfield code="b">Nebraska</subfield><subfield code="c">Richardson</subfield><subfield code="d">Falls City.</subfield></datafield><datafield ind1="1" ind2="5" tag="780"><subfield code="t">Humboldt enterprise</subfield><subfield code="w">(DLC)sn 94056450</subfield></datafield><datafield ind1="1" ind2="5" tag="780"><subfield code="t">Rulo record</subfield></datafield><datafield ind1="1" ind2="5" tag="780"><subfield code="t">Crocker's educational journal</subfield></datafield><datafield ind1="1" ind2="5" tag="780"><subfield code="t">Dawson outlook</subfield></datafield><datafield ind1="4" ind2="1" tag="856"><subfield code="u">http://www.loc.gov/chroniclingamerica/lccn/sn94056446/issues</subfield></datafield></record>